<?xml version="1.0" encoding="UTF-8"?><collection xmlns="http://www.loc.gov/MARC21/slim"><record><leader>00501nam--2200133-i-4500</leader><controlfield tag="001">000009051</controlfield><controlfield tag="002">20161230</controlfield><controlfield tag="005">20161230201028</controlfield><controlfield tag="008">060222s1000------------r-----000-0-eng-d</controlfield><datafield ind1=" " ind2=" " tag="100"><subfield code="a">Brana, C., Deatcu, E</subfield></datafield><datafield ind1=" " ind2=" " tag="245"><subfield code="a">Analiza sigurantei in functionare a blocurilor unilog supuse incercarilor de durata</subfield></datafield><datafield ind1=" " ind2=" " tag="260"><subfield code="a">Bucuresti, Consiliul National Al Inginerilor S I Tehnicienilor, 1969</subfield></datafield><datafield ind1=" " ind2=" " tag="490"><subfield code="a">A Doua Conferinta A Electricienilor. Viii. Sec Tia Fiabilitate, Securitate, Calitate</subfield></datafield><datafield ind1=" " ind2=" " tag="852"><subfield code="a">621.38.004.6</subfield></datafield></record></collection>